<?xml version="1.0" encoding="UTF-8"?>
<record xmlns="http://www.loc.gov/MARC21/slim">
   <leader>01697cam a2200337 a 4500</leader>
   <controlfield tag="001">323208</controlfield>
   <controlfield tag="003">NjP</controlfield>
   <controlfield tag="005">20190705140149.0</controlfield>
   <controlfield tag="008">860812s1932    ua            000 0 ara d</controlfield>
   <datafield tag="024" ind1="7" ind2=" ">
      <subfield code="a">princeton_aco003666</subfield>
      <subfield code="2">local</subfield>
   </datafield>
   <datafield ind1=" " ind2=" " tag="040">
      <subfield code="a">NjP</subfield>
      <subfield code="c">PUL</subfield>
      <subfield code="d">PUL</subfield>
   </datafield>
   <datafield ind1=" " ind2=" " tag="066">
      <subfield code="c">(3</subfield>
   </datafield>
   <datafield ind1=" " ind2=" " tag="035">
      <subfield code="a">(CStRLIN)NJPG86-B34573</subfield>
   </datafield>
   <datafield ind1=" " ind2=" " tag="035">
      <subfield code="9">ABP8521TS</subfield>
   </datafield>
   <datafield ind1=" " ind2=" " tag="035">
      <subfield code="a">(NjP)323208</subfield>
   </datafield>
   <datafield ind1=" " ind2=" " tag="043">
      <subfield code="a">f-ua---</subfield>
   </datafield>
   <datafield ind1=" " ind2=" " tag="049">
      <subfield code="a">PULL</subfield>
   </datafield>
   <datafield ind1=" " ind2=" " tag="035">
      <subfield code="a">(OCoLC)ocm30963046</subfield>
   </datafield>
   <datafield ind1="0" ind2="0" tag="245">
      <subfield code="6">880-01</subfield>
      <subfield code="a">Taqwīm al-Miṣrī lil-Miṣrī li-sanat 1932 /</subfield>
      <subfield code="c">aṣdarathu Jamʻīyat al-Miṣrī lil-Miṣrī.</subfield>
   </datafield>
   <datafield ind1=" " ind2=" " tag="260">
      <subfield code="6">880-02</subfield>
      <subfield code="a">al-Qāhirah :</subfield>
      <subfield code="b">al-Jamʻīyah,</subfield>
      <subfield code="c">1932.</subfield>
   </datafield>
   <datafield ind1=" " ind2=" " tag="300">
      <subfield code="a">67 p. ;</subfield>
      <subfield code="c">24 cm.</subfield>
   </datafield>
   <datafield ind1=" " ind2=" " tag="500">
      <subfield code="6">880-03</subfield>
      <subfield code="a">"Yaḥtawī ʻalá bayānāt mukhtalifah lil-ṣināʻāt fī al-quṭr al-Miṣrī wa-iḥṣāʼāt ʻan al-aḥwāl al-iqtiṣādīyah wa-dalīl ʻan asmāʼ al-tujjār wa-al-ṣunnāʻ al-Miṣrīyīn".</subfield>
   </datafield>
   <datafield ind1=" " ind2="0" tag="651">
      <subfield code="a">Egypt</subfield>
      <subfield code="x">Economic conditions</subfield>
      <subfield code="y">1919-1952.</subfield>
      <subfield code="0">http://id.loc.gov/authorities/subjects/sh85041280</subfield>
   </datafield>
   <datafield ind1=" " ind2="0" tag="650">
      <subfield code="a">Industries</subfield>
      <subfield code="z">Egypt.</subfield>
      <subfield code="0">http://id.loc.gov/authorities/subjects/sh2008104590</subfield>
   </datafield>
   <datafield ind1="0" ind2="0" tag="880">
      <subfield code="6">245-01/(3/r</subfield>
      <subfield code="a">تقويم المصري للمصري لسنة 1932 /</subfield>
      <subfield code="c">اصدرث جمعية المصري للمصري.</subfield>
   </datafield>
   <datafield ind1=" " ind2=" " tag="880">
      <subfield code="6">260-02/(3/r</subfield>
      <subfield code="a">القاهرة :</subfield>
      <subfield code="b">الجمعية،</subfield>
      <subfield code="c">1932.</subfield>
   </datafield>
   <datafield ind1=" " ind2=" " tag="880">
      <subfield code="6">500-03/(3/r</subfield>
      <subfield code="a">"يحتوي على بيانات مختلفة للصناعات في القطر المصري واحصاءات عن الاحوال الاقتصادية ودليل عن اسماء التجار والصناع المصريين".</subfield>
   </datafield>
   <datafield ind1=" " ind2=" " tag="998">
      <subfield code="a">08/12/94</subfield>
      <subfield code="s">9118</subfield>
      <subfield code="n">NjP</subfield>
      <subfield code="w">NJPG86B34573</subfield>
      <subfield code="d">08/12/86</subfield>
      <subfield code="c">KVV</subfield>
      <subfield code="b">DRT</subfield>
      <subfield code="i">940812</subfield>
      <subfield code="l">NJPG</subfield>
   </datafield>
   <datafield ind1=" " ind2=" " tag="911">
      <subfield code="a">19940828</subfield>
   </datafield>
   <datafield ind1=" " ind2=" " tag="912">
      <subfield code="a">19940812000000.0</subfield>
   </datafield>
   <datafield ind1=" " ind2=" " tag="994">
      <subfield code="a">C0</subfield>
      <subfield code="b">PUL</subfield>
   </datafield>
   <datafield ind1=" " ind2=" " tag="999">
      <subfield code="a">323208</subfield>
   </datafield>
   <datafield ind1=" " ind2=" " tag="979">
      <subfield code="a">(OCoLC)ocn175744495</subfield>
   </datafield>
   <datafield ind1="0" ind2="0" tag="852">
      <subfield code="0">353458</subfield>
      <subfield code="b">rcppa</subfield>
      <subfield code="t">1</subfield>
      <subfield code="h">HC830</subfield>
      <subfield code="i">.T36</subfield>
      <subfield code="x">tr fr arab</subfield>
   </datafield>
   <datafield ind1=" " ind2=" " tag="959">
      <subfield code="a">2000-06-13 00:00:00 -0400</subfield>
   </datafield>
</record>
